<?xml version="1.0" encoding="UTF-8"?><record xmlns="http://www.loc.gov/MARC21/slim" xmlns:cinclude="http://apache.org/cocoon/include/1.0" xmlns:zs="http://www.loc.gov/zing/srw/">
  <leader>00513nz  a2200133n  4500</leader>
  <controlfield tag="001">n 2009030566</controlfield>
  <controlfield tag="003">DLC</controlfield>
  <controlfield tag="005">20090519074931.0</controlfield>
  <controlfield tag="008">090518n| acannaabn          |a aaa      </controlfield>
  <datafield tag="010" ind1=" " ind2=" ">
    <subfield code="a">n 2009030566</subfield>
  </datafield>
  <datafield tag="040" ind1=" " ind2=" ">
    <subfield code="a">DLC</subfield>
    <subfield code="b">eng</subfield>
    <subfield code="c">DLC</subfield>
  </datafield>
  <datafield tag="100" ind1="1" ind2=" ">
    <subfield code="a">Chacón Barliza, Orlando A.</subfield>
    <subfield code="q">(Orlando Arnulfo)</subfield>
  </datafield>
  <datafield tag="400" ind1="1" ind2=" ">
    <subfield code="a">Barliza, Orlando A. Chacón</subfield>
    <subfield code="q">(Orlando Arnulfo Chacón)</subfield>
  </datafield>
  <datafield tag="670" ind1=" " ind2=" ">
    <subfield code="a">Historia de la formación del nutricionista-dietista en Colombia, 2007:</subfield>
    <subfield code="b">cover (Orlando A. Chacón Barliza) p. iii (Orlando Arnulfo Chacón Barliza)</subfield>
  </datafield>
</record>